<?xml version="1.0" encoding="UTF-8"?><collection xmlns="http://www.loc.gov/MARC21/slim"><record><leader>00424nam--2200145-i-4500</leader><controlfield tag="001">000039689</controlfield><controlfield tag="002">20161230</controlfield><controlfield tag="005">20161230201042</controlfield><controlfield tag="008">060222s1000------------r-----000-0-eng-d</controlfield><datafield ind1=" " ind2=" " tag="080"><subfield code="a">658.001.3:02</subfield></datafield><datafield ind1=" " ind2=" " tag="100"><subfield code="a">Rossollin, Henri., Thibaut, Francoise</subfield></datafield><datafield ind1=" " ind2=" " tag="245"><subfield code="a">Comment organiser le classement et la documentation</subfield></datafield><datafield ind1=" " ind2=" " tag="260"><subfield code="a">Paris, Dunod Economie, 1972, 124p</subfield></datafield><datafield ind1=" " ind2=" " tag="490"><subfield code="a">Collection: La Vie De L`Entreprise`</subfield></datafield><datafield ind1=" " ind2=" " tag="852"><subfield code="a">40913</subfield></datafield></record></collection>